

@article{Sullivan_2023,
	title = {The ever-growing world of gastruloids: autogenous models of mammalian embryogenesis},
	journal = {Current Opinion in Genetics \& Development},
	volume = {82},
	pages = {102102},
	year = {2023},
	issn = {0959-437X},
	doi = {10.1016/j.gde.2023.102102},
	% url = {https://www.sciencedirect.com/science/article/pii/S0959437X23000825},
	author = {Adrienne E. Sullivan and Silvia D. M. Santos}
}

@article {Saiz_2020,
	article_type = {journal},
	title = {Growth-factor-mediated coupling between lineage size and cell fate choice underlies robustness of mammalian development},
	author = {Saiz, Néstor and Mora-Bitria, Laura and Rahman, Shahadat and George, Hannah and Herder, Jeremy P and Garcia-Ojalvo, Jordi and Hadjantonakis, Anna-Katerina},
	% editor = {Robertson, Elizabeth and Barkai, Naama and Maître, Jean-Léon},
	volume = 9,
	year = 2020,
	% month = {7},
	pub_date = {2020-07-28},
	pages = {e56079},
	% citation = {eLife 2020;9:e56079},
	doi = {10.7554/eLife.56079},
	% url = {10.7554/eLife.56079},
	keywords = {mouse embryo, cell fate, imaging, blastocyst, cell numbers, modeling, beamer},
	journal = {eLife},
	% issn = {2050-084X},
	% publisher = {eLife Sciences Publications, Ltd},
}

@article {Germann_2019,
	author = {Germann, Philipp and Marin-Riera, Miquel and Sharpe, James},
	title = {ya||a: GPU-powered Spheroid Models for Mesenchyme and Epithelium},
	elocation-id = {525352},
	year = {2019},
	doi = {10.1101/525352},
	publisher = {Cold Spring Harbor Laboratory},
	URL = {https://www.biorxiv.org/content/early/2019/01/20/525352},
	% eprint = {https://www.biorxiv.org/content/early/2019/01/20/525352.full.pdf},
	journal = {bioRxiv}
}

@article{Arias_2022,
	title = {Gastruloids: Pluripotent stem cell models of mammalian gastrulation and embryo engineering},
	journal = {Developmental Biology},
	volume = {488},
	pages = {35-46},
	year = {2022},
	issn = {0012-1606},
	% doi = {10.1016/j.ydbio.2022.05.002},
	% url = {https://www.sciencedirect.com/science/article/pii/S0012160622000847},
	author = {Alfonso Martinez Arias and Yusuke Marikawa and Naomi Moris},
	keywords = {Embryos, Gastruloids, Experimental embryology, Systems biology}
}

@article{Sozen_2021,
	title = {The dynamics of morphogenesis in stem cell-based embryology: Novel insights for symmetry breaking},
	journal = {Developmental Biology},
	volume = {474},
	pages = {82-90},
	year = {2021},
	note = {Synthetic Embryology},
	issn = {0012-1606},
	doi = {10.1016/j.ydbio.2020.12.005},
	% url = {https://www.sciencedirect.com/science/article/pii/S0012160620303158},
	author = {Berna Sozen and Jake Cornwall-Scoones and Magdalena Zernicka-Goetz},
	keywords = {Stem cells, Embryogenesis, Symmetry breaking, Gastrulation, Signaling, In vitro},
}

@article{Julia_2017,
	author = {Bezanson, Jeff and Edelman, Alan and Karpinski, Stefan and Shah, Viral B.},
	title = {Julia: A Fresh Approach to Numerical Computing},
	journal = {SIAM Review},
	volume = {59},
	number = {1},
	pages = {65-98},
	year = {2017},
	doi = {10.1137/141000671},
	% url = {10.1137/141000671},
	% eprint = {10.1137/141000671}
}

@phdthesis{Torregrosa_2023,
	author = {Gabriel Torregrosa-Cortés},
	title = {Dynamics of cellular decision making in embryogenesis},
	school = {Universitat Pompeu Fabra},
	year = {2023},
	% month = {9},
	location = {Barcelona},
	url = {http://hdl.handle.net/10803/689098}
}

@unpublished{Torregrosa_2025,
	author = {Gabriel Torregrosa-Cortés and David Oriola and Vikas Trivedi and Jordi Garcia-Ojalvo},
	title = {CellBasedModels.jl: A flexible and efficient cell-based modeling framework in Julia},
	year = {unpublished},
	url = {https://github.com/dsb-lab/CellBasedModels.jl},
  keywords = {beamer}
}

@unpublished{Oriola_2025,
	author = {David Oriola and Gabriel Torregrosa-Cortés and Krisztina Arató and David Fernández and Elisa Hahnand Kerim Anlaş and Jordi Garcia-Ojalvo and Vikas Trivedi},
	title = {Cell-cell communication controls the timing of symmetry-breaking in an embryo-like system},
	year = {unpublished},
  keywords = {beamer}
}

@article{Oriola_2022,
	author = {David Oriola and Miquel Marin-Riera and Kerim Anlaş and Nicola Gritti and Marina Sanaki-Matsumiya and Germaine Aalderink and Miki Ebisuya and James Sharpe and Vikas Trivedi},
	title = {Arrested coalescence of multicellular aggregates},
	journal = {Soft Matter},
	year = {2022},
	volume = {18},
	pages = {3771},
  doi = {10.1039/d2sm00063f}
}

@article{Purcell_1977,
    author = {Purcell, E. M.},
    title = {Life at low Reynolds number},
    journal = {American Journal of Physics},
    volume = {45},
    number = {1},
    pages = {3-11},
    year = {1977},
    % month = {01},
    issn = {0002-9505},
    doi = {10.1119/1.10903},
    % url = {10.1119/1.10903},
    % eprint = {https://pubs.aip.org/aapt/ajp/article-pdf/45/1/3/11809839/3\_1\_online.pdf},
}

@article{Gritti_2021,
	title = {Rethinking embryology in vitro: A synergy between engineering, data science and theory},
	journal = {Developmental Biology},
	volume = {474},
	pages = {48-61},
	year = {2021},
	note = {Synthetic Embryology},
	issn = {0012-1606},
	doi = {10.1016/j.ydbio.2020.10.013},
	% url = {https://www.sciencedirect.com/science/article/pii/S0012160620302840},
	author = {Nicola Gritti and David Oriola and Vikas Trivedi},
}

@article{Liedekerke_2015,
	author       = {Van Liedekerke, Paul and Palm, M.M. and Jagiella, N. and Drasdo, D.},
	issn         = {2196-4378},
	journal      = {Computational Particle Mechanics},
	% language     = {eng},
	number       = {4},
	pages        = {401--444},
	title        = {Simulating tissue mechanics with agent-based models : concepts, perspectives and some novel results},
	doi          = {10.1007/s40571-015-0082-3},
	volume       = {2},
	year         = {2015},
  keywords = {beamer}
}

@article{Yusko_2014,
    author = {Yusko, Erik C. and Asbury, Charles L.},
    title = {Force is a signal that cells cannot ignore},
    doi = {10.1091/mbc.E13-12-0707},
    journal = {Molecular Biology of the Cell},
    volume = {25},
    number = {23},
    pages = {3717-3725},
    year = {2014},
    doi = {10.1091/mbc.e13-12-0707},
    note ={PMID: 25394814},
    % URL = {10.1091/mbc.e13-12-0707},
}

@article{Moore_2010,
    title = {Stretchy Proteins on Stretchy Substrates: The Important Elements of Integrin-Mediated Rigidity Sensing},
    journal = {Developmental Cell},
    volume = {19},
    number = {2},
    pages = {194-206},
    year = {2010},
    issn = {1534-5807},
    doi = {10.1016/j.devcel.2010.07.018},
    % url = {https://www.sciencedirect.com/science/article/pii/S1534580710003461},
    author = {Simon W. Moore and Pere Roca-Cusachs and Michael P. Sheetz},
}

@article{Makie_2021,
  doi = {10.21105/joss.03349},
  % url = {10.21105/joss.03349},
  year = {2021},
  % publisher = {The Open Journal},
  volume = {6},
  number = {65},
  pages = {3349},
  author = {Simon Danisch and Julius Krumbiegel},
  title = {{Makie.jl}: Flexible high-performance data visualization for {Julia}},
  journal = {Journal of Open Source Software}
}

@article{Cooke_2023,
    author = {Cooke, Christopher B. and Barrington, Christopher and Baillie-Benson, Peter and Nichols, Jennifer and Moris, Naomi},
    title = "{Gastruloid-derived primordial germ cell-like cells develop dynamically within integrated tissues}",
    journal = {Development},
    volume = {150},
    number = {17},
    pages = {dev201790},
    year = {2023},
    % month = {09},
    issn = {0950-1991},
    doi = {10.1242/dev.201790},
    % url = {10.1242/dev.201790},
    % eprint = {https://journals.biologists.com/dev/article-pdf/150/17/dev201790/3143251/dev201790.pdf},
}

@article{Brink_2014,
    author = {van den Brink, Susanne C. and Baillie-Johnson, Peter and Balayo, Tina and Hadjantonakis, Anna-Katerina and Nowotschin, Sonja and Turner, David A. and Martinez Arias, Alfonso},
    title = "{Symmetry breaking, germ layer specification and axial organisation in aggregates of mouse embryonic stem cells}",
    journal = {Development},
    volume = {141},
    number = {22},
    pages = {4231-4242},
    year = {2014},
    % month = {11},
    issn = {0950-1991},
    doi = {10.1242/dev.113001},
    % url = {10.1242/dev.113001},
    % eprint = {https://journals.biologists.com/dev/article-pdf/141/22/4231/1321266/dev113001.pdf},
}

@article{Roccio_2013,
    author = {Roccio, Marta and Schmitter, Daniel and Knobloch, Marlen and Okawa, Yuya and Sage, Daniel and Lutolf, Matthias P.},
    title = "{Predicting stem cell fate changes by differential cell cycle progression patterns}",
    journal = {Development},
    volume = {140},
    number = {2},
    pages = {459-470},
    year = {2013},
    % month = {01},
    issn = {0950-1991},
    doi = {10.1242/dev.086215},
    % url = {10.1242/dev.086215},
    % eprint = {https://journals.biologists.com/dev/article-pdf/140/2/459/1396040/459.pdf},
}

@inproceedings{Pillarisetti_2009,
  author={Pillarisetti, Anand and Ladjal, Hamid and Ferreira, Antoine and Keefer, Carol and Desai, Jaydev P.},
  booktitle={2009 Annual International Conference of the IEEE Engineering in Medicine and Biology Society}, 
  title={Mechanical characterization of mouse embryonic stem cells}, 
  year={2009},
  volume={},
  number={},
  pages={1176-1179},
  % keywords={Mice;Embryo;Stem cells;Atomic force microscopy;Solid modeling;Proteins;Geometry;Cells (biology);Biomembranes;Mechanical factors},
  doi={10.1109/IEMBS.2009.5333954}
}

@article{Rosen_2021,
  title     = "Mean square displacement for a discrete centroid model of cell
               motion",
  author    = "Rosen, Mary Ellen and Grant, Christopher P and Dallon, J C",
  journal   = "PLoS One",
  % publisher = "Public Library of Science (PLoS)",
  volume    =  16,
  number    =  12,
  pages     = "e0261021",
  % month     =  dec,
  year      =  2021,
  doi		= {10.1371/journal.pone.0261021},
  language  = "en"
}

@ARTICLE{Liu_2009,
  title    = "Biology under construction: in vitro reconstitution of cellular
              function",
  author   = "Liu, Allen P and Fletcher, Daniel A",
  journal  = "Nature Reviews Molecular Cell Biology",
  volume   =  10,
  number   =  9,
  pages    = "644--650",
  % month    =  sep,
  year     =  2009,
  doi = {10.1038/nrm2746}
}

@ARTICLE{Xue_2018,
  title    = "Mechanics-guided embryonic patterning of neuroectoderm tissue
              from human pluripotent stem cells",
  author   = "Xue, Xufeng and Sun, Yubing and Resto-Irizarry, Agnes M and Yuan,
              Ye and Aw Yong, Koh Meng and Zheng, Yi and Weng, Shinuo and Shao,
              Yue and Chai, Yimin and Studer, Lorenz and Fu, Jianping",
  journal  = "Nature Materials",
  volume   =  17,
  number   =  7,
  pages    = "633--641",
  % month    =  jul,
  year     =  2018,
  doi = {10.1038/s41563-018-0082-9}
}

@ARTICLE{Serra_2019,
  title    = "Self-organization and symmetry breaking in intestinal organoid
              development",
  author   = "Serra, Denise and Mayr, Urs and Boni, Andrea and Lukonin, Ilya
              and Rempfler, Markus and Challet Meylan, Ludivine and Stadler,
              Michael B and Strnad, Petr and Papasaikas, Panagiotis and Vischi,
              Dario and Waldt, Annick and Roma, Guglielmo and Liberali, Prisca",
  journal  = "Nature",
  volume   =  569,
  number   =  7754,
  pages    = "66--72",
  % month    =  may,
  doi = {10.1038/s41586-019-1146-y},
  year     =  2019
}

@article{Huch_2017,
    author = {Huch, Meritxell and Knoblich, Juergen A. and Lutolf, Matthias P. and Martinez-Arias, Alfonso},
    title = "{The hope and the hype of organoid research}",
    journal = {Development},
    volume = {144},
    number = {6},
    pages = {938-941},
    year = {2017},
    % month = {03},
    issn = {0950-1991},
    doi = {10.1242/dev.150201},
    % url = {10.1242/dev.150201},
    % eprint = {https://journals.biologists.com/dev/article-pdf/144/6/938/1851128/dev150201.pdf},
}

@ARTICLE{Hoehme_2010,
  title     = "Prediction and validation of cell alignment along microvessels
               as order principle to restore tissue architecture in liver
               regeneration",
  author    = "Hoehme, Stefan and Brulport, Marc and Bauer, Alexander and
               Bedawy, Essam and Schormann, Wiebke and Hermes, Matthias and
               Puppe, Verena and Gebhardt, Rolf and Zellmer, Sebastian and
               Schwarz, Michael and Bockamp, Ernesto and Timmel, Tobias and
               Hengstler, Jan G and Drasdo, Dirk",
  journal   = "Proc. Natl. Acad. Sci. U. S. A.",
  publisher = "Proceedings of the National Academy of Sciences",
  volume    =  107,
  number    =  23,
  pages     = "10371--10376",
  % month     =  jun,
  year      =  2010,
  language  = "en"
}

@BOOK{Alberts_2002,
  title     = "Molecular Biology of the Cell. 4th edition",
  author    = "Alberts, Bruce and Johnson, Alexander and Lewis, Julian, et al.",
  publisher = "Garland Science",
  year      =  2002,
  address   = "London, England",
  url = {https://www.ncbi.nlm.nih.gov/books/NBK26939/}
}

@article{Turner_2020,
  author    = {David A. Turner},
  title     = {From Organoids to Gastruloids},
  journal   = {The Biologist},
  volume    = {64},
  number    = {5},
  pages     = {14--19},
  year      = {2017},
  url       = {https://www.rsb.org.uk/biologist-features/from-organoids-to-gastruloids}
}

@article{Simunovic_2017,
    author = {Simunovic, Mijo and Brivanlou, Ali H.},
    title = "{Embryoids, organoids and gastruloids: new approaches to understanding embryogenesis}",
    journal = {Development},
    volume = {144},
    number = {6},
    pages = {976-985},
    year = {2017},
    % month = {03},
    issn = {0950-1991},
    doi = {10.1242/dev.143529},
    % url = {10.1242/dev.143529},
    % eprint = {https://journals.biologists.com/dev/article-pdf/144/6/976/1851562/dev143529.pdf},
}

@article{Tosenberger_2017,
  title    = "A multiscale model of early cell lineage specification including
              cell division",
  author   = "Tosenberger, Alen and Gonze, Didier and Bessonnard, Sylvain and
              Cohen-Tannoudji, Michel and Chazaud, Claire and Dupont,
              Genevi{\`e}ve",
  journal  = "npj Systems Biology and Applications",
  volume   =  3,
  number   =  1,
  pages    = "16",
  % month    =  jun,
  year     =  2017
}

@article{Wong_2011,
  title   = "Points of view: Color blindness",
  author  = "Wong, Bang",
  journal = "Nature Methods",
  volume  =  8,
  number  =  6,
  pages   = "441--441",
  % month   =  jun,
  year    =  2011,
  doi = {10.1038/nmeth.1618}
}

@article{Purcell_1977,
  title = {Life at low Reynolds number},
  volume = {45},
  issn = {1943-2909},
  % url = {http://dx.doi.org/10.1119/1.10903},
  doi = {10.1119/1.10903},
  number = {1},
  journal = {American Journal of Physics},
  % publisher = {American Association of Physics Teachers (AAPT)},
  author = {Purcell,  E. M.},
  year = {1977},
  % month = jan,
  pages = {3–11}
}

@book{Suli_2003,
  title = {An Introduction to Numerical Analysis},
  ISBN = {9780521810265},
  % url = {http://dx.doi.org/10.1017/CBO9780511801181},
  doi = {10.1017/cbo9780511801181},
  publisher = {Cambridge University Press},
  author = {S\"{u}li,  Endre and Mayers,  David F.},
  year = {2003},
  % month = aug,
}

@misc{Brorson_2022,
	note = {Accessed 2024-09-22},
  url = {https://math.libretexts.org/},
  author = {Stuart Bronson},
	year = {2022},
	% month = {jul 26},
	publisher = {Northeastern University},
	title = {Predictor-corrector methods and {Runge}-{Kutta}},
}
